<?xml version="1.0" encoding="UTF-8"?><record xmlns="http://www.loc.gov/MARC21/slim" xmlns:cinclude="http://apache.org/cocoon/include/1.0" xmlns:zs="http://www.loc.gov/zing/srw/">
  <leader>00563nz  a2200145n  4500</leader>
  <controlfield tag="001">no2008049311</controlfield>
  <controlfield tag="003">DLC</controlfield>
  <controlfield tag="005">20080403080254.0</controlfield>
  <controlfield tag="008">080312n| acannaabn          |n ana     c</controlfield>
  <datafield tag="010" ind1=" " ind2=" ">
    <subfield code="a">no2008049311</subfield>
  </datafield>
  <datafield tag="035" ind1=" " ind2=" ">
    <subfield code="a">(OCoLC)oca07720922</subfield>
  </datafield>
  <datafield tag="040" ind1=" " ind2=" ">
    <subfield code="a">SaPrUSA</subfield>
    <subfield code="b">eng</subfield>
    <subfield code="c">SaPrUSA</subfield>
  </datafield>
  <datafield tag="110" ind1="2" ind2=" ">
    <subfield code="a">Transvaal Missionary Association (Johannesburg, South Africa)</subfield>
  </datafield>
  <datafield tag="670" ind1=" " ind2=" ">
    <subfield code="a">An appeal to thinking South Africans, 19--:</subfield>
    <subfield code="b">t.p. (Transvaal Missionary Association)</subfield>
  </datafield>
  <datafield tag="670" ind1=" " ind2=" ">
    <subfield code="a">NLSA, Mar 12, 2008</subfield>
    <subfield code="b">(hdg.: Transvaal Missionary Association (Johannesburg); usage: Transvaal Missionary Association)</subfield>
  </datafield>
</record>